@misc{Co12,
      title = "Connexions",
      year = "2012",
      howpublished = "\url{http://cnx.org/}",
}

@misc{DD12,
      title = "Django documentation",
      year = "2012",
      howpublished = "\url{https://docs.djangoproject.com/en/dev/}",
}

@misc{Gi12,
      title = "Github",
      year = "2012",
      howpublished = "\url{https://github.com/}",
}

@misc{Go12,
      title = "Google Code",
      year = "2012"
      howpublished = "\url{http://code.google.com/}",
}

@misc{git,
      title = "Git",
      year = "2012",
      howpublished = "\url{http://git-scm.com/}",
}

@misc{svn,
      title = "Apache subversion",
      year = "2012",
      howpublished = "\url{http://subversion.apache.org/}",
}

@misc{trac,
      title = "The Trac Project",
      year = "2012",
      howpublished = "\url{http://trac.edgewall.org/}",
}


